<record><leader>00000cas a22000007a 4500</leader><controlfield tag="001">16314363</controlfield><controlfield tag="008">870729d18891899pauwr ne      0    0eng d</controlfield><datafield ind1=" " ind2=" " tag="010"><subfield code="a">sn 87080450 </subfield></datafield><datafield ind1=" " ind2=" " tag="040"><subfield code="a">NPH</subfield><subfield code="b">eng</subfield><subfield code="c">NPH</subfield><subfield code="d">OCLCQ</subfield></datafield><datafield ind1=" " ind2=" " tag="042"><subfield code="a">msc</subfield></datafield><datafield ind1="0" ind2="4" tag="245"><subfield code="a">The Carbondale advance and Jermyn advocate.</subfield></datafield><datafield ind1=" " ind2=" " tag="260"><subfield code="a">Carbondale, Pa. :</subfield><subfield code="b">Advance Pub. Co.</subfield></datafield><datafield ind1=" " ind2=" " tag="300"><subfield code="a">v. ;</subfield><subfield code="c">56 cm.</subfield></datafield><datafield ind1=" " ind2=" " tag="310"><subfield code="a">Weekly</subfield></datafield><datafield ind1="1" ind2=" " tag="362"><subfield code="a">Began in 1889; ceased in 1899?</subfield></datafield><datafield ind1=" " ind2=" " tag="500"><subfield code="a">Published every Friday.</subfield></datafield><datafield ind1=" " ind2=" " tag="515"><subfield code="a">Issues for &lt;Nov. 15, 1901&gt; called also &lt;44th year&gt;.</subfield></datafield><datafield ind1=" " ind2=" " tag="588"><subfield code="a">Description based on: Nov. 15, 1901.</subfield></datafield><datafield ind1=" " ind2=" " tag="752"><subfield code="a">United States</subfield><subfield code="b">Pennsylvania</subfield><subfield code="c">Lackawanna</subfield><subfield code="d">Carbondale.</subfield></datafield><datafield ind1="0" ind2="4" tag="780"><subfield code="t">Carbondale advance</subfield><subfield code="w">(DLC)sn 83032059</subfield></datafield><datafield ind1="0" ind2="4" tag="780"><subfield code="t">Jermyn advocate</subfield></datafield></record>